<?xml version="1.0" encoding="UTF-8"?>
<collection xmlns="http://www.loc.gov/MARC21/slim">
<record xmlns="http://www.loc.gov/MARC21/slim">
      <datafield tag="024" ind1="7" ind2=" ">
           <subfield code="a">10.15169/sci-gaia:1475615377.37</subfield>
           <subfield code="2">DOI</subfield>
    </datafield>
    <datafield tag="260" ind1=" " ind2=" ">
    <subfield code="c">2016/10/04</subfield>
     </datafield>
     <datafield tag="100" ind1=" " ind2=" ">
          <subfield code="a">MIPAR Project</subfield>
    </datafield>
    <datafield tag="245" ind1=" " ind2=" ">
          <subfield code="a">MIPAR Image 57f41a91d2ded</subfield>
    </datafield>
    <datafield tag="520" ind1=" " ind2=" ">
          <subfield code="a">This is an image of the MIPAR Project.</subfield>
    </datafield>
    <datafield tag="540" ind1=" " ind2=" ">
           <subfield code="a">cc-by-nc-nd</subfield>
    </datafield>
    <datafield tag="536" ind1=" " ind2=" ">
      <subfield code="c">MIPAR Project</subfield>
  </datafield>
     <datafield tag="653" ind1="1" ind2=" ">
           <subfield code="a">CT</subfield>
         </datafield>
     <datafield tag="653" ind1="1" ind2=" ">
           <subfield code="a">Brain</subfield>
         </datafield>
    <datafield tag="FFT" ind1="" ind2=" ">
          <subfield code="a">http://lasucomputerscience.com/mia/donation/12/13501989_10204928844539536_3160017905849634289_n.zip</subfield>
    </datafield>
    <datafield xmlns="" tag="980" ind1=" " ind2=" ">
          <subfield code="a">IMAGESMIPAR</subfield>
    </datafield>
    <datafield xmlns="" tag="041" ind1=" " ind2=" ">
          <subfield code="a">eng</subfield>
    </datafield>
    <datafield xmlns="" tag="042" ind1=" " ind2=" ">
          <subfield code="a">Researchers</subfield>
    </datafield>
    <datafield xmlns="" tag="043" ind1=" " ind2=" ">
           <subfield code="a">Image</subfield>
    </datafield>
  </record>
</collection>
